@article{lep2006,
    title={Precision Electroweak Measurements on the Z Resonance},
    author={{ALEPH Collaboration} and {DELPHI Collaboration} and {L3 Collaboration} and {OPAL Collaboration}},
    journal={Phys. Rept.},
    volume={427},
    pages={257--454},
    year={2006},
    doi={10.1016/j.physrep.2005.12.006}
}

@article{planck2020,
    title={{Planck 2018 results. VI. Cosmological parameters}},
    author={{Planck Collaboration}},
    journal={Astron. Astrophys.},
    volume={641},
    pages={A6},
    year={2020},
    doi={10.1051/0004-6361/201833910}
}

@article{pdg2022,
    title={{Review of Particle Physics}},
    author={{Particle Data Group}},
    journal={PTEP},
    volume={2022},
    pages={083C01},
    year={2022},
    doi={10.1093/ptep/ptac097}
}

@article{t2k2021,
    title={{Improved constraints on neutrino mixing from the T2K experiment with $3.13\\times10^{21}$ protons on target}},
    author={{T2K Collaboration}},
    journal={Phys. Rev. D},
    volume={103},
    pages={112008},
    year={2021},
    doi={10.1103/PhysRevD.103.112008}
}

@article{xenon2018,
    title={{Dark Matter Search Results from a One Ton-Year Exposure of XENON1T}},
    author={{XENON Collaboration}},
    journal={Phys. Rev. Lett.},
    volume={121},
    pages={111302},
    year={2018},
    doi={10.1103/PhysRevLett.121.111302}
} 